%% This BibTeX bibliography file was created using BibDesk.
%% http://bibdesk.sourceforge.net/


%% Created for Karol Kuna at 2015-05-04 08:55:34 +0200 


%% Saved with string encoding Unicode (UTF-8) 



@webpage{bepuphysics,
	Date-Added = {2015-05-04 06:47:13 +0000},
	Date-Modified = {2015-05-04 06:55:34 +0000},
	Keywords = {bepu, bepuphysics},
	Lastchecked = {4.5.2015},
	Month = {May},
	Title = {BEPUPhysics},
	Url = {http://www.bepuphysics.com},
	Year = {2015},
	Bdsk-Url-1 = {http://www.bepuphysics.com}}

@incollection{phoneme-recognition-tdnn,
	Acmid = {108263},
	Address = {San Francisco, CA, USA},
	Author = {Waibel, Alexander and Hanazawa, Toshiyuki and Hinton, Geofrey and Shikano, Kiyohiro and Lang, Kevin J.},
	Chapter = {Phoneme Recognition Using Time-delay Neural Networks},
	Editor = {Waibel, Alex and Lee, Kai-Fu},
	Isbn = {1-55860-124-4},
	Numpages = {12},
	Pages = {393--404},
	Publisher = {Morgan Kaufmann Publishers Inc.},
	Title = {Readings in Speech Recognition},
	Url = {http://dl.acm.org/citation.cfm?id=108235.108263},
	Year = {1990},
	Bdsk-Url-1 = {http://dl.acm.org/citation.cfm?id=108235.108263}}

@webpage{dstat,
	Date-Added = {2015-05-04 06:38:24 +0000},
	Date-Modified = {2015-05-04 06:55:29 +0000},
	Keywords = {dstat},
	Lastchecked = {4.5.2015},
	Month = {May},
	Title = {Dstat: Versatile resource statistics tool},
	Url = {http://dag.wiee.rs/home-made/dstat/},
	Year = {2015},
	Bdsk-Url-1 = {http://dag.wiee.rs/home-made/dstat/}}

@article{universal-approx-theorem,
	Author = {George Cybenko},
	Date-Added = {2015-04-05 18:27:26 +0000},
	Date-Modified = {2015-04-05 18:33:44 +0000},
	Journal = {Mathematics of Control, Signals, and Systems (MCSS)},
	Keywords = {approximation, control, duckling, free, lunch, no, theorem, theory, ugly, universal},
	Month = {12},
	Number = {4},
	Pages = {303-314},
	Title = {Approximation by superpositions of a sigmoidal function},
	Volume = {2},
	Year = {1989}}

@article{williams-zipser,
	Acmid = {1351135},
	Address = {Cambridge, MA, USA},
	Author = {Williams, Ronald J. and Zipser, David},
	Doi = {10.1162/neco.1989.1.2.270},
	Issn = {0899-7667},
	Issue_Date = {Summer 1989},
	Journal = {Neural Comput.},
	Month = jun,
	Number = {2},
	Numpages = {11},
	Pages = {270--280},
	Publisher = {MIT Press},
	Title = {A Learning Algorithm for Continually Running Fully Recurrent Neural Networks},
	Url = {http://dx.doi.org/10.1162/neco.1989.1.2.270},
	Volume = {1},
	Year = {1989},
	Bdsk-Url-1 = {http://dx.doi.org/10.1162/neco.1989.1.2.270}}

@incollection{rumelhart-hinton-williams,
	Acmid = {104449},
	Address = {Cambridge, MA, USA},
	Author = {Rumelhart, D. E. and Hinton, G. E. and Williams, R. J.},
	Chapter = {Learning Internal Representations by Error Propagation},
	Editor = {Anderson, James A. and Rosenfeld, Edward},
	Isbn = {0-262-01097-6},
	Numpages = {23},
	Pages = {673--695},
	Publisher = {MIT Press},
	Title = {Neurocomputing: Foundations of Research},
	Url = {http://dl.acm.org/citation.cfm?id=65669.104449},
	Year = {1988},
	Bdsk-Url-1 = {http://dl.acm.org/citation.cfm?id=65669.104449}}
