%% This BibTeX bibliography file was created using BibDesk.
%% http://bibdesk.sourceforge.net/


%% Created for Karol Kuna at 2015-04-11 23:27:47 +0200 


%% Saved with string encoding Unicode (UTF-8) 



@article{universal-approx-theorem,
	Author = {George Cybenko},
	Date-Added = {2015-04-05 18:27:26 +0000},
	Date-Modified = {2015-04-05 18:33:44 +0000},
	Journal = {Mathematics of Control, Signals, and Systems (MCSS)},
	Keywords = {approximation, control, duckling, free, lunch, no, theorem, theory, ugly, universal},
	Month = {12},
	Number = {4},
	Pages = {303-314},
	Title = {Approximation by superpositions of a sigmoidal function},
	Volume = {2},
	Year = {1989}}

@article{williams-zipser,
	author = {Williams, Ronald J. and Zipser, David},
	title = {A Learning Algorithm for Continually Running Fully Recurrent Neural Networks},
	journal = {Neural Comput.},
	issue_date = {Summer 1989},
	volume = {1},
	number = {2},
	month = jun,
	year = {1989},
	issn = {0899-7667},
	pages = {270--280},
	numpages = {11},
	url = {http://dx.doi.org/10.1162/neco.1989.1.2.270},
	doi = {10.1162/neco.1989.1.2.270},
	acmid = {1351135},
	publisher = {MIT Press},
	address = {Cambridge, MA, USA},
}

@incollection{rumelhart-hinton-williams,
	author = {Rumelhart, D. E. and Hinton, G. E. and Williams, R. J.},
	chapter = {Learning Internal Representations by Error Propagation},
	title = {Neurocomputing: Foundations of Research},
	editor = {Anderson, James A. and Rosenfeld, Edward},
	year = {1988},
	isbn = {0-262-01097-6},
	pages = {673--695},
	numpages = {23},
	url = {http://dl.acm.org/citation.cfm?id=65669.104449},
	acmid = {104449},
	publisher = {MIT Press},
	address = {Cambridge, MA, USA},
} 

